@inbook{alba_ch2,
author = {Alba, Enrique and Luque, Gabriel},
publisher = {John Wiley \& Sons, Ltd},
isbn = {9780471739388},
title = {Measuring the Performance of Parallel Metaheuristics},
booktitle = {Parallel Metaheuristics},
chapter = {2},
pages = {43-62},
doi = {https://doi.org/10.1002/0471739383.ch2},
url = {https://onlinelibrary.wiley.com/doi/abs/10.1002/0471739383.ch2},
eprint = {https://onlinelibrary.wiley.com/doi/pdf/10.1002/0471739383.ch2},
year = {2005},
keywords = {parallel metaheuristics, parallel algorithms, parallel metrics, experimentation, computational effort},
abstract = {Summary This chapter contains sections titled: Introduction Parallel Performance Measures How to Report Results Illustrating the Influence of Measures Conclusions References}
}

@inproceedings{ipn_gpu,
author = {Gaxiola Sánchez, Leopoldo Noel and Tapia Armenta, Juan José and Díaz Ramírez, Victor Hugo},
year = {2014},
month = {09},
pages = {84--90},
title = {Parallel Genetic Algorithms on a GPU to Solve the Travelling Salesman Problem},
issn = {2007-3585},
url = {http://difu100cia.uaz.edu.mx/index.php/difuciencia/article/view/145},
journal = {Difu100ci@, Revista de difusión científica, ingeniería y tecnologías},
volume = {8},
number = {2}
}

@thesis{pav_tesis,
author    = {Merino Trejo, Allison Odette},
title     = {Algunas heurísticas aplicadas al problema del agente viajero},
type      = {Licenciatura},
institution = {Universidad Nacional Autónoma de México},
year      = {2023},
advisor   = {López Soto, Claudia Orquídea},
url       = {http://132.248.9.195/ptd2023/septiembre/0846778/Index.html},
note      = {Facultad de Ciencias, UNAM},
chapter = {5},
pages = {55-69}
}

@online{logistica,
author = {{Michigan State University}},
organization = {Michigan State University},
institution = {Michigan State University},
title = {Why Logistics Is Fundamental to Supply Chain Success},
date = {2023-7-26},
url = {https://www.michiganstateuniversityonline.com/resources/supply-chain/logistics-fundamental-to-supply-chain-success/},
urldate = {2025-06-12}
}

@online{logistica2,
author    = {Alice Warnier},
title     = {How Curri’s Advanced Logistics Help Small Businesses Compete},
year      = {2024},
url       = {https://www.curri.com/article/advanced-logistics-for-small-business},
urldate   = {2025-06-12}
}

@online{cudaworks,
  author    = {Stephen Jones},
  institution = {NVIDIA},
  title     = {GTC 2022 - How CUDA Programming Works - Stephen Jones, CUDA Architect, NVIDIA},
  date      = {2022-05-11},
  url       = {https://www.youtube.com/watch?v=QQceTDjA4f4},
  urldate      = {2025-06-12},
}





@article{paralevol,
  author  = {Alba, E. and Tomassini, M.},
  title   = {Parallelism and evolutionary algorithms},
  journal = {IEEE Transactions on Evolutionary Computation},
  volume  = {6},
  number  = {5},
  pages   = {443--462},
  year    = {2002},
  doi     = {10.1109/TEVC.2002.802452},
}

@book{omp,
  author    = {Chapman, B. and Jost, G. and van der Pas, R.},
  title     = {Using OpenMP: Portable Shared Memory Parallel Programming},
  year      = {2008},
  publisher = {MIT Press},
}

@book{cormen,
  author    = {Cormen, T. H. and Leiserson, C. E. and Rivest, R. L. and Stein, C.},
  title     = {Introduction to Algorithms},
  edition   = {3rd},
  year      = {2009},
  publisher = {MIT Press},
}

@book{genintro,
  author    = {Mitchell, M.},
  title     = {An Introduction to Genetic Algorithms},
  year      = {1998},
  publisher = {MIT Press},
}

@thesis{tsp_ext,
  author      = {Padilla Mart{\'\i}nez, I. R.},
  title       = {Algoritmos gen{\'e}ticos y extinciones masivas en el problema del agente viajero},
  type        = {Tesis de licenciatura},
  institution = {Universidad Nacional Aut{\'o}noma de M{\'e}xico},
  year        = {2019},
}

@book{cuda,
  author    = {Sanders, J. and Kandrot, E.},
  title     = {CUDA by Example: An Introduction to General-Purpose GPU Programming},
  year      = {2010},
  publisher = {Addison-Wesley},
}

@thesis{prv_gen,
  author      = {Tavera, F. M.},
  title       = {Un algoritmo gen{\'e}tico para tratar el problema de rutas de veh{\'\i}culos},
  type        = {Tesis de licenciatura},
  institution = {Universidad Nacional Aut{\'o}noma de M{\'e}xico},
  year        = {2018},
}

