@inbook{alba_ch2,
author = {Alba, Enrique and Luque, Gabriel},
publisher = {John Wiley \& Sons, Ltd},
isbn = {9780471739388},
title = {Measuring the Performance of Parallel Metaheuristics},
booktitle = {Parallel Metaheuristics},
chapter = {2},
pages = {43-62},
doi = {https://doi.org/10.1002/0471739383.ch2},
url = {https://onlinelibrary.wiley.com/doi/abs/10.1002/0471739383.ch2},
eprint = {https://onlinelibrary.wiley.com/doi/pdf/10.1002/0471739383.ch2},
year = {2005},
keywords = {parallel metaheuristics, parallel algorithms, parallel metrics, experimentation, computational effort},
abstract = {Summary This chapter contains sections titled: Introduction Parallel Performance Measures How to Report Results Illustrating the Influence of Measures Conclusions References}
}

@inproceedings{ipn_gpu,
author = {Gaxiola Sánchez, Leopoldo Noel and Tapia Armenta, Juan José and Díaz Ramírez, Victor Hugo},
year = {2014},
month = {09},
pages = {84--90},
title = {Parallel Genetic Algorithms on a GPU to Solve the Travelling Salesman Problem},
issn = {2007-3585},
url = {http://difu100cia.uaz.edu.mx/index.php/difuciencia/article/view/145},
journal = {Difu100ci@, Revista de difusión científica, ingeniería y tecnologías},
volume = {8},
number = {2}
}

@thesis{pav_tesis,
  author    = {Merino Trejo, Allison Odette},
  title     = {Algunas heurísticas aplicadas al problema del agente viajero},
  type      = {Licenciatura},
  institution = {Universidad Nacional Autónoma de México},
  year      = {2023},
  advisor   = {López Soto, Claudia Orquídea},
  url       = {https://tesiunam.dgb.unam.mx/F/8TN2KLCU6573G78KXQVXNC36L7CUPVCCUUGU256HV43DXNYGJ1-08928?func=full-set-set&set_number=030223&set_entry=000001&format=999},
  note      = {Facultad de Ciencias, UNAM},
  chapter = {5},
  pages = {55-69}
}
